<?xml version="1.0" encoding="UTF-8"?><record xmlns="http://www.loc.gov/MARC21/slim" xmlns:cinclude="http://apache.org/cocoon/include/1.0" xmlns:zs="http://www.loc.gov/zing/srw/">
  <leader>00784nz  a2200193n  4500</leader>
  <controlfield tag="001">nb2013026594</controlfield>
  <controlfield tag="003">DLC</controlfield>
  <controlfield tag="005">20131207050926.0</controlfield>
  <controlfield tag="008">131206n| azannaabn          |a aaa      </controlfield>
  <datafield tag="010" ind1=" " ind2=" ">
    <subfield code="a">nb2013026594</subfield>
  </datafield>
  <datafield tag="035" ind1=" " ind2=" ">
    <subfield code="a">(Uk)008905595</subfield>
  </datafield>
  <datafield tag="040" ind1=" " ind2=" ">
    <subfield code="a">Uk</subfield>
    <subfield code="b">eng</subfield>
    <subfield code="e">rda</subfield>
    <subfield code="c">Uk</subfield>
  </datafield>
  <datafield tag="046" ind1=" " ind2=" ">
    <subfield code="f">[1515,1516]</subfield>
    <subfield code="g">1549</subfield>
    <subfield code="2">edtf</subfield>
  </datafield>
  <datafield tag="100" ind1="0" ind2=" ">
    <subfield code="a">Alḳāṣ Mīrzā,</subfield>
    <subfield code="d">1515 or 1516-1549</subfield>
  </datafield>
  <datafield tag="370" ind1=" " ind2=" ">
    <subfield code="a">Tabrīz (Iran)</subfield>
    <subfield code="c">Iran</subfield>
    <subfield code="2">naf</subfield>
  </datafield>
  <datafield tag="375" ind1=" " ind2=" ">
    <subfield code="a">male</subfield>
  </datafield>
  <datafield tag="400" ind1="1" ind2=" ">
    <subfield code="a">Mīrzā, Alḳāṣ,</subfield>
    <subfield code="d">1515 or 1516-1549</subfield>
  </datafield>
  <datafield tag="670" ind1=" " ind2=" ">
    <subfield code="a">Osmanisch-safavidische Beziehungen (1545-1550), 2013:</subfield>
    <subfield code="b">v. 1-2, t.p. (Alḳâs Mîrzâ)</subfield>
  </datafield>
  <datafield tag="670" ind1=" " ind2=" ">
    <subfield code="a">Brill Online, viewed 6 December 2013:</subfield>
    <subfield code="b">Encyclopedia of Islam, second edition (Alḳāṣ Mīrzā, second son of Shah Ismaʻīl I of the Ṣafawī dynasty; born 921/1515-6 in Tabrīz; died 1549)</subfield>
  </datafield>
</record>